dates,division,revenue,net_income,ebitda
2021-03-31,Technology,1200000,300000,400000
2021-06-30,Technology,1350000,350000,450000
2021-09-30,Technology,1400000,370000,470000
2021-12-31,Technology,1500000,400000,500000
2022-03-31,Healthcare,800000,200000,250000
2022-06-30,Healthcare,850000,220000,270000
2022-09-30,Healthcare,900000,240000,290000
2022-12-31,Healthcare,950000,260000,310000
