Date,Division,Revenue,Net_Income,Expenses,Earnings_Per_Share,Geography
2021-03-31,North America,1500000,300000,1200000,0.75,USA
2021-06-30,North America,1650000,320000,1300000,0.8,USA
2021-09-30,North America,1700000,350000,1350000,0.85,USA
2021-12-31,North America,1800000,370000,1400000,0.9,USA
2022-03-31,Europe,1550000,320000,1250000,0.78,Germany
2022-06-30,Europe,1600000,335000,1280000,0.82,Germany
2022-09-30,Europe,1650000,345000,1300000,0.85,Germany
2022-12-31,Europe,1750000,360000,1400000,0.88,Germany
