Date,Division,Revenue,Net Income,Expenses,Earnings Per Share
2021-03-31,North America,1500000,300000,1200000,0.75
2021-06-30,North America,1600000,320000,1280000,0.8
2021-09-30,North America,1700000,340000,1350000,0.85
2021-12-31,North America,1800000,360000,1400000,0.9
2022-03-31,Europe,1200000,250000,950000,0.65
2022-06-30,Europe,1300000,270000,1000000,0.7
2022-09-30,Europe,1400000,290000,1050000,0.75
2022-12-31,Europe,1500000,310000,1100000,0.8
